@article{mehta2017comparative,
	Author = {Mehta, Parmita and Dorkenwald, Sven and Zhao, Dongfang and Kaftan, Tomer and Cheung, Alvin and Balazinska, Magdalena and Rokem, Ariel and Connolly, Andrew and Vanderplas, Jacob and AlSayyad, Yusra},
	Journal = {Proceedings of the VLDB Endowment},
	Number = {11},
	Pages = {1226--1237},
	Publisher = {VLDB Endowment},
	Title = {Comparative evaluation of Big-Data systems on scientific image analytics workloads},
	Volume = {10},
	Year = {2017}}
